@phdthesis{majmin2005local,
	title={Local and stochastic volatility models: An investigation into the pricing of exotic equity options},
	author={Majmin, Lisa},
	year={2005},
	school={University of the Witwatersrand}
}
@article{derman1994volatility,
	title={The volatility smile and its implied tree},
	author={Derman, Emanuel and Kani, Iraj},
	journal={Goldman Sachs Quantitative Strategies Research Notes},
	volume={2},
	pages={45--60},
	year={1994}
}

@inproceedings{derman1996implied,
	title={Implied trinomial trees of the volatility smile},
	author={Derman, Emanuel and Kani, Iraj and Goldman, Neil Chriss},
	booktitle={Journal of Derivatives},
	year={1996},
	organization={Citeseer}
}
@phdthesis{郭姝辛0美式期权的正则隐含二叉树定价新法,
	title={美式期权的正则隐含二叉树定价新法},
	author={郭姝辛},
	school={西南财经大学},
	year={2013}
}